@book{DigiInno,
	author = {Claudia Schieblon},
	title = {Digitalisierung und Innovation in Kanzleien},
	date = {2022},
	OPTisbn = {978-3-658-35528-9},
	OPTpublisher = {Springer Fachmedien
	Wiesbaden GmbH},
}

@book{Arbeitswelt,
	author = {Inka Knappertsbusch, Kai Gondlach},
	title = {Arbeitswelt
	und KI 2030},
	date = {2021},
	OPTisbn = {978-3-658-35778-8},
	OPTpublisher = {Springer Fachmedien
	Wiesbaden GmbH},
}

@book{LegalTech,
	author = {Sophie Martinetz
	Sarah Maringele},
	title = {Legal Tech},
	date = {2020},
	OPTisbn = {978-3-658-28552-4},
	OPTpublisher = {Springer Fachmedien
	Wiesbaden GmbH},
}

@book{Engelhardt,
	author = {Benedikt Quarch, Clemens Engelhardt},
	title = {LegalTech},
	year = {2021},
	OPTisbn = {978-3-658-36359-8},
	OPTpublisher = {Springer Fachmedien
	Wiesbaden GmbH},
}
@book{test,
	author = {123},
	title = {4123},
	date = {142312},
}

@book{SmartContracts,
	author = {Martin Fries, Boris P. Paal},
	title = {Smart Contracts},
	year = {2019},
	OPTisbn = {978-3-16-156910-4},
	OPTpublisher = {Mohr Siebeck GmbH & Co. KG},
}

@book{LegalRobots,
	author = {Jens Wagner},
	title = {Legal Tech
	und Legal Robots},
	year = {2018},
	OPTisbn = {978-3-658-20056-5},
	OPTpublisher = {Springer Fachmedien
	Wiesbaden GmbH},
}

@article{Kategoirien,
	author = {Oliver R. Goodenough},
	title = {Legal Technology 3.0},
	year = {2015},
	OPTurl = {https://www.huffpost.com/entry/legal-technology-30_b_6603658},
	OPTurldate = {15.02.2022},
}