@book{DigiInno,
	author = {Claudia Schieblon},
	title = {Digitalisierung und Innovation in Kanzleien},
	year = {2022},
	isbn = {978-3-658-35528-9},
	publisher = {Springer Fachmedien
		Wiesbaden GmbH},
}

@book{Arbeitswelt,
	author = {Inka Knappertsbusch, Kai Gondlach},
	title = {Arbeitswelt
		und KI 2030},
	year = {2021},
	isbn = {978-3-658-35778-8},
	publisher = {Springer Fachmedien
		Wiesbaden GmbH},
}

@book{LegalTech,
	author = {Sophie Martinetz
		Sarah Maringele},
	title = {Legal Tech},
	year = {2020},
	isbn = {978-3-658-28552-4},
	publisher = {Springer Fachmedien
		Wiesbaden GmbH},
}

@book{Engelhardt,
	author = {Benedikt Quarch, Clemens Engelhardt},
	title = {LegalTech},
	date = {2021},
	isbn = {978-3-658-36359-8},
	publisher = {Springer Fachmedien
		Wiesbaden GmbH},
}
@book{SmartContracts,
	author = {Martin Fries, Boris P. Paal},
	title = {Smart Contracts},
	date = {2019},
	isbn = {978-3-16-156910-4},
	publisher = {Mohr Siebeck GmbH und Co. KG},
}

@book{LegalRobots,
	author = {Jens Wagner},
	title = {Legal Tech
		und Legal Robots},
	date = {2018},
	isbn = {978-3-658-20056-5},
	publisher = {Springer Fachmedien
		Wiesbaden GmbH},
}

@online{Kategoirien,
	author = {Oliver R. Goodenough},
	title = {Legal Technology 3.0},
	date = {2015-04-02},
	url = {https://www.huffpost.com/entry/legal-technology-30_b_6603658},
	urldate = {2022-02-15},
}


@online{onlineVerhandlungen,
	author = {Martin Fries},
	title = {Die vollvirtuelle Verhandlung – Quo vadis, § 128a ZPO?},
	date = {2020-09-02},
	url = {https://doi.org/10.9785/gvrz-2020-030217},
	urldate = {2022-04-20},
}


@online{LegalTechKategorien,
	author = {Waltl, Jacob und Schindler},
	title = {Legal Tech – interdisziplinär und kollaborativ},
	journaltitle = {Wirtschaftsinformatik und Management 12/2020},
	date = {2020-11-09},
	url = {https://link.springer.com/article/10.1365/s35764-020-00300-z},
	urldate = {2022-04-21},
}

@online{StatistikUmsatz,
	author = {Lena Graefe},
	title = {Umsatz der Unternehmen und Einrichtungen der Branche Rechtsberatung in Deutschland von 2008 bis 2018 },
	journaltitle = {Statista},
	date = {2022-02-10},
	url = {https://de.statista.com/statistik/daten/studie/257434/umfrage/umsatz-der-rechtsberatungsunternehmen/},
	urldate = {2022-04-17},
}

@online{STARStatistik,
	author = {Nicole Genitheim
	Kerstin Eggert},
	title = {STAR 2020},
	journaltitle = {Institut für Freie Berufe an der Friedrich-Alexander-Universität},
	date = {2021-06-23},
	url = {https://www.brak.de/presse/zahlen-und-statistiken/star/star-2020/},
	urldate = {2022-04-17},
}

@online{Friedmann,
	author = {Michael Firedmann},
	title = {Legal Tech - Jetzt spricht der Mandant},
	journaltitle = {Neue Juristische Wochenschrift - Sonderheft: Innovationen und Legal Tech},
	date = {2017-05-23},
	url = {	https://d1v6uc6bimcvsy.cloudfront.net/graphx/pdfs/legaltech_23052017.pdf},
	urldate = {2022-04-25},
}

@online{RefundRebel,
	title = {Die häufigsten Fragen},
	url = {	https://www.refundrebel.com/#faqs},
	urldate = {2022-04-25},
}



